{
  "leader": "04071cam a2200457 i 4500",
  "fields": [
    {
      "001": "ocm04835361\\"
    },
    {
      "003": "OCoLC"
    },
    {
      "005": "20220701121355.0"
    },
    {
      "008": "790319s1979\\\\\\\\nyu\\\\\\\\\\\\b\\\\\\\\001\\0\\eng\\\\"
    },
    {
      "010": {
        "ind1": "\\",
        "ind2": "\\",
        "subfields": [
          {
            "a": "   78020681 "
          }
        ]
      }
    },
    {
      "040": {
        "ind1": "\\",
        "ind2": "\\",
        "subfields": [
          {
            "a": "DLC"
          },
          {
            "b": "eng"
          },
          {
            "c": "DLC"
          },
          {
            "d": "NLGGC"
          },
          {
            "d": "BTCTA"
          },
          {
            "d": "FVC"
          },
          {
            "d": "AGL"
          },
          {
            "d": "OCLCG"
          },
          {
            "d": "OCLCO"
          },
          {
            "d": "OCL"
          },
          {
            "d": "OCLCF"
          },
          {
            "d": "OCLCQ"
          },
          {
            "d": "OCLCO"
          },
          {
            "d": "BRL"
          },
          {
            "d": "OCLCO"
          }
        ]
      }
    },
    {
      "019": {
        "ind1": "\\",
        "ind2": "\\",
        "subfields": [
          {
            "a": "1145225565"
          },
          {
            "a": "1153191518"
          },
          {
            "a": "1166505195"
          },
          {
            "a": "1224863637"
          },
          {
            "a": "1231478668"
          },
          {
            "a": "1298279014"
          }
        ]
      }
    },
    {
      "020": {
        "ind1": "\\",
        "ind2": "\\",
        "subfields": [
          {
            "a": "0812908155"
          }
        ]
      }
    },
    {
      "020": {
        "ind1": "\\",
        "ind2": "\\",
        "subfields": [
          {
            "a": "9780812908152"
          }
        ]
      }
    },
    {
      "035": {
        "ind1": "\\",
        "ind2": "\\",
        "subfields": [
          {
            "a": "(OCoLC)4835361"
          },
          {
            "z": "(OCoLC)1145225565"
          },
          {
            "z": "(OCoLC)1153191518"
          },
          {
            "z": "(OCoLC)1166505195"
          },
          {
            "z": "(OCoLC)1224863637"
          },
          {
            "z": "(OCoLC)1231478668"
          },
          {
            "z": "(OCoLC)1298279014"
          }
        ]
      }
    },
    {
      "043": {
        "ind1": "\\",
        "ind2": "\\",
        "subfields": [
          {
            "a": "n-us---"
          }
        ]
      }
    },
    {
      "050": {
        "ind1": "0",
        "ind2": "4",
        "subfields": [
          {
            "a": "HV48"
          },
          {
            "b": ".B34 1979"
          }
        ]
      }
    },
    {
      "070": {
        "ind1": "0",
        "ind2": "\\",
        "subfields": [
          {
            "a": "HV48"
          },
          {
            "b": ".B34 1979"
          }
        ]
      }
    },
    {
      "082": {
        "ind1": "0",
        "ind2": "4",
        "subfields": [
          {
            "a": "361.70973"
          },
          {
            "b": "BAK"
          }
        ]
      }
    },
    {
      "096": {
        "ind1": "\\",
        "ind2": "\\",
        "subfields": [
          {
            "a": "HV48"
          },
          {
            "b": ".B34 1979"
          }
        ]
      }
    },
    {
      "100": {
        "ind1": "1",
        "ind2": "\\",
        "subfields": [
          {
            "a": "Bakal, Carl,"
          },
          {
            "d": "1918-"
          }
        ]
      }
    },
    {
      "245": {
        "ind1": "1",
        "ind2": "0",
        "subfields": [
          {
            "a": "Charity U.S.A. :"
          },
          {
            "b": "an investigation into the hidden world of the multi-billion dollar charity industry /"
          },
          {
            "c": "Carl Bakal."
          }
        ]
      }
    },
    {
      "260": {
        "ind1": "\\",
        "ind2": "\\",
        "subfields": [
          {
            "a": "New York :"
          },
          {
            "b": "Times Books,"
          },
          {
            "c": "\u00a91979."
          }
        ]
      }
    },
    {
      "300": {
        "ind1": "\\",
        "ind2": "\\",
        "subfields": [
          {
            "a": "xii, 498 pages ;"
          },
          {
            "c": "25 cm"
          }
        ]
      }
    },
    {
      "336": {
        "ind1": "\\",
        "ind2": "\\",
        "subfields": [
          {
            "a": "text"
          },
          {
            "b": "txt"
          },
          {
            "2": "rdacontent"
          }
        ]
      }
    },
    {
      "337": {
        "ind1": "\\",
        "ind2": "\\",
        "subfields": [
          {
            "a": "unmediated"
          },
          {
            "b": "n"
          },
          {
            "2": "rdamedia"
          }
        ]
      }
    },
    {
      "338": {
        "ind1": "\\",
        "ind2": "\\",
        "subfields": [
          {
            "a": "volume"
          },
          {
            "b": "nc"
          },
          {
            "2": "rdacarrier"
          }
        ]
      }
    },
    {
      "504": {
        "ind1": "\\",
        "ind2": "\\",
        "subfields": [
          {
            "a": "Includes bibliographical references and index."
          }
        ]
      }
    },
    {
      "505": {
        "ind1": "0",
        "ind2": "\\",
        "subfields": [
          {
            "a": "PRESENT AND PAST -- The American way of giving -- 4000 years of philanthropy -- THE DONORS -- The people who give-and why -- Foundations: are they an endangered species? -- The myth of corporate largesse -- The volunteer: saint or scab? -- THE DONEES -- In the name of religion: giving in good faith -- Christian charity-and gullibility -- The tin cup approach to disease -- Are the big health charities outmoded? -- The disease of the month club -- The battle of the blind -- The Red Cross: disasters, blood and money -- Should charity support social welfare? -- Orphans and other aspects of foreign aid -- The quality and equality of life -- Fake, hoax and charity -- THE TECHNIQUES -- Getting people to give: the art of fund raising -- They\u02bcve got you on a list -- Behind the scenes of a telethon -- The charity ball game -- PLANNING, PLEDGES AND PRESSURES -- Putting it all together: the fund-raising campaign -- Secrets of the charity pros -- Why Jewish fund raising is so successful -- Sweet charity gone sour: the not-so-United Way -- YOU AND CHARITY -- The art of giving wisely -- The basics of taxwise giving -- THE FUTURE OF CHARITY -- Farewell to alms?"
          }
        ]
      }
    },
    {
      "520": {
        "ind1": "\\",
        "ind2": "\\",
        "subfields": [
          {
            "a": "Includes information on American Cancer Society, American Diabetes Association, American Foundation for the Blind, American Heart Association, American Lung Association, American National Red Cross, Arthritis Foundation, beggars and panhandlers, black charities, blindness, Boys\u02bc Clubs of America, Boys Town, Camp Fire Girls, cancer, Christianity and charity, Cystic Fibrosis Foundation, diabetes, Disabled American Veterans, evaluating a charity, fund raising techniques, Girl Scouts, government support, guide dogs, history of philanthropy, Jaycees, Jewish giving, kidney disease, lung diseases, mental illness, mental retardation, minority related charities, misuse of funds, motivations for giving, Muscular Dystrophy Association, National Easter Seal Society, National Foundation March of Dimes, National Multiple Sclerosis Society, Planned Parenthood Federation, poverty and the poor, Protestant giving, Roman Catholic giving, scouting, tuberculosis, United Cerebral Palsy Association, United Jewish Appeal (UJA), United Way, volunteer workers, Volunteers of American, etc."
          }
        ]
      }
    },
    {
      "650": {
        "ind1": "\\",
        "ind2": "0",
        "subfields": [
          {
            "a": "Charities"
          },
          {
            "z": "United States."
          }
        ]
      }
    },
    {
      "650": {
        "ind1": "\\",
        "ind2": "0",
        "subfields": [
          {
            "a": "Charitable uses, trusts, and foundations"
          },
          {
            "z": "United States."
          }
        ]
      }
    },
    {
      "650": {
        "ind1": "\\",
        "ind2": "0",
        "subfields": [
          {
            "a": "Fund raising."
          }
        ]
      }
    },
    {
      "650": {
        "ind1": "\\",
        "ind2": "7",
        "subfields": [
          {
            "a": "Charitable uses, trusts, and foundations."
          },
          {
            "2": "fast"
          },
          {
            "0": "(OCoLC)fst00852380"
          }
        ]
      }
    },
    {
      "650": {
        "ind1": "\\",
        "ind2": "7",
        "subfields": [
          {
            "a": "Charities."
          },
          {
            "2": "fast"
          },
          {
            "0": "(OCoLC)fst00852404"
          }
        ]
      }
    },
    {
      "650": {
        "ind1": "\\",
        "ind2": "7",
        "subfields": [
          {
            "a": "Fund raising."
          },
          {
            "2": "fast"
          },
          {
            "0": "(OCoLC)fst00936143"
          }
        ]
      }
    },
    {
      "651": {
        "ind1": "\\",
        "ind2": "7",
        "subfields": [
          {
            "a": "United States."
          },
          {
            "2": "fast"
          },
          {
            "0": "(OCoLC)fst01204155"
          }
        ]
      }
    },
    {
      "776": {
        "ind1": "0",
        "ind2": "8",
        "subfields": [
          {
            "i": "Online version:"
          },
          {
            "a": "Bakal, Carl, 1918-"
          },
          {
            "t": "Charity U.S.A."
          },
          {
            "d": "New York : Times Books, \u00a91979"
          },
          {
            "w": "(OCoLC)655234411"
          }
        ]
      }
    },
    {
      "994": {
        "ind1": "\\",
        "ind2": "\\",
        "subfields": [
          {
            "a": "Z0"
          },
          {
            "b": "NYRVC"
          }
        ]
      }
    },
    {
      "948": {
        "ind1": "\\",
        "ind2": "\\",
        "subfields": [
          {
            "h": "NO HOLDINGS IN NYRVC - 735 OTHER HOLDINGS"
          }
        ]
      }
    },
    {
      "999": {
        "ind1": "\\",
        "ind2": "\\",
        "subfields": [
          {
            "a": "00000000013984"
          }
        ]
      }
    }
  ]
}